@manual{ucsusa,
    url = {https://www.ucsusa.org/resources/satellite-database},
    author = {Union of Concerned Scientists},
    year = 2021,
    title = {UCS Satellite Database}
}

@manual{naturalearth,
    url = {https://www.naturalearthdata.com},
    author = "Natural Earth",
    title = "vector and raster map data",
    year = 2021
}